@article{example,
	title={Feeling and caring: When mood intervenes in charitable giving},
	author={Zhang, Jiao and Lu, ZoeYuejin and Xu, Fei},
	journal={Journal of Marketing Research},
	volume={45},
	number={2},
	pages={213--224},
	year={2008},
	publisher={Sage Publications Sage CA: Los Angeles, CA}
}

@article{pasnau1999sound,
  title={What is sound?},
  author={Pasnau, Robert},
  journal={The Philosophical Quarterly},
  volume={49},
  number={196},
  pages={309--324},
  year={1999},
  publisher={Blackwell Publishers Ltd Oxford, UK and Boston, USA}
}

@book{benesty2008microphone,
  title={Microphone array signal processing},
  author={Benesty, Jacob and Chen, Jingdong and Huang, Yiteng},
  volume={1},
  year={2008},
  publisher={Springer Science \& Business Media}
}

@article{salah2021spatial,
  title={Spatial and frequency approaches for audio file protection},
  author={Salah, Euschi and Amine, Khaldi and Redouane, Kafi Med and Fares, Kahlessenane},
  journal={Journal of Circuits, Systems and Computers},
  volume={30},
  number={12},
  pages={2150210},
  year={2021},
  publisher={World Scientific}
}

@inproceedings{liu2023simple,
  title={Simple pooling front-ends for efficient audio classification},
  author={Liu, Xubo and Liu, Haohe and Kong, Qiuqiang and Mei, Xinhao and Plumbley, Mark D and Wang, Wenwu},
  booktitle={ICASSP 2023-2023 IEEE International Conference on Acoustics, Speech and Signal Processing (ICASSP)},
  pages={1--5},
  year={2023},
  organization={IEEE}
}

@article{lipshitz2004pulse,
  title={Pulse-Code Modulation--An Overview},
  author={Lipshitz, Stanley P and Vanderkooy, John},
  journal={Journal of the Audio Engineering Society},
  volume={52},
  number={3},
  pages={200--215},
  year={2004},
  publisher={Audio Engineering Society}
}

@article{types-of-ad,
author = {Almutairi, Zaynab and Elgibreen, Hebah},
year = {2022},
month = {05},
pages = {19},
title = {A Review of Modern Audio Deepfake Detection Methods: Challenges and Future Directions},
volume = {15},
journal = {Algorithms},
doi = {10.3390/a15050155}
}

@InProceedings{detect-fake-imit,
author="Rodr{\'i}guez-Ortega, Yohanna
and Ballesteros, Dora Mar{\'i}a
and Renza, Diego",
editor="Florez, Hector
and Misra, Sanjay",
title="A Machine Learning Model to Detect Fake Voice",
booktitle="Applied Informatics",
year="2020",
publisher="Springer International Publishing",
address="Cham",
pages="3--13",
isbn="978-3-030-61702-8"
}

@article{tan2021survey,
  title={A survey on neural speech synthesis},
  author={Tan, Xu and Qin, Tao and Soong, Frank and Liu, Tie-Yan},
  journal={arXiv preprint arXiv:2106.15561},
  year={2021}
}

@article{replay-based-deepfake,
  author       = {Zahra Khanjani and
                  Gabrielle Watson and
                  Vandana P. Janeja},
  title        = {How Deep Are the Fakes? Focusing on Audio Deepfake: {A} Survey},
  journal      = {CoRR},
  volume       = {abs/2111.14203},
  year         = {2021},
  url          = {https://arxiv.org/abs/2111.14203},
  eprinttype    = {arXiv},
  eprint       = {2111.14203},
  timestamp    = {Wed, 01 Dec 2021 15:16:43 +0100},
  biburl       = {https://dblp.org/rec/journals/corr/abs-2111-14203.bib},
  bibsource    = {dblp computer science bibliography, https://dblp.org}
}

@article{detection-replay-based,
author = {Pradhan, Swadhin and Sun, Wei and Baig, Ghufran and Qiu, Lili},
year = {2019},
month = {09},
pages = {1-26},
title = {Combating Replay Attacks Against Voice Assistants},
volume = {3},
journal = {Proceedings of the ACM on Interactive, Mobile, Wearable and Ubiquitous Technologies},
doi = {10.1145/3351258}
}







@article{intro0,
author = {Viorela Dan and Britt Paris and Joan Donovan and Michael Hameleers and Jon Roozenbeek and Sander van der Linden and Christian von Sikorski},
title ={Visual Mis- and Disinformation, Social Media, and Democracy},

journal = {Journalism \& Mass Communication Quarterly},
volume = {98},
number = {3},
pages = {641-664},
year = {2021},
doi = {10.1177/10776990211035395},

URL = { 
    
        https://doi.org/10.1177/10776990211035395
    
    

},
eprint = { 
    
        https://doi.org/10.1177/10776990211035395
    
    

}

}

@article{detailed-comparsion,
  author       = {Balamurali B. T. and
                  Kin Wah Edward Lin and
                  Simon Lui and
                  Jer{-}Ming Chen and
                  Dorien Herremans},
  title        = {Towards robust audio spoofing detection: a detailed comparison of
                  traditional and learned features},
  journal      = {CoRR},
  volume       = {abs/1905.12439},
  year         = {2019},
  url          = {http://arxiv.org/abs/1905.12439},
  eprinttype    = {arXiv},
  eprint       = {1905.12439},
  timestamp    = {Thu, 14 Oct 2021 09:17:52 +0200},
  biburl       = {https://dblp.org/rec/journals/corr/abs-1905-12439.bib},
  bibsource    = {dblp computer science bibliography, https://dblp.org}
}

@article{division-of-file,
  title={A deep learning framework for audio deepfake detection},
  author={Khochare, Janavi and Joshi, Chaitali and Yenarkar, Bakul and Suratkar, Shraddha and Kazi, Faruk},
  journal={Arabian Journal for Science and Engineering},
  pages={1--12},
  year={2021},
  publisher={Springer}
}

@inproceedings{efficient-cnn,
  title={Learning efficient representations for fake speech detection},
  author={Subramani, Nishant and Rao, Delip},
  booktitle={Proceedings of the AAAI Conference on Artificial Intelligence},
  volume={34},
  number={04},
  pages={5859--5866},
  year={2020}
}

@article{discrim-features,
  title={A comparison of features for synthetic speech detection},
  author={Sahidullah, Md and Kinnunen, Tomi and Hanil{\c{c}}i, Cemal},
  year={2015},
  publisher={ISCA (the International Speech Communication Association)}
}

@inproceedings{short-term,
  title={Spoofing speech detection using high dimensional magnitude and phase features: the NTU approach for ASVspoof 2015 challenge.},
  author={Xiao, Xiong and Tian, Xiaohai and Du, Steven and Xu, Haihua and Chng, Engsiong and Li, Haizhou},
  booktitle={Interspeech},
  pages={2052--2056},
  year={2015}
}

@inproceedings{long-term,
  title={Synthetic speech detection using temporal modulation feature},
  author={Wu, Zhizheng and Xiao, Xiong and Chng, Eng Siong and Li, Haizhou},
  booktitle={2013 IEEE International Conference on Acoustics, Speech and Signal Processing},
  pages={7234--7238},
  year={2013},
  organization={IEEE}
}

@inproceedings{long-tem-01,
author = {Das, Rohan and Yang, Jichen and Li, Haizhou},
year = {2019},
month = {12},
pages = {1018-1025},
title = {Long Range Acoustic and Deep Features Perspective on ASVspoof 2019},
doi = {10.1109/ASRU46091.2019.9003845}
}

@article{f0,
  title={An overview of text-independent speaker recognition: From features to supervectors},
  author={Kinnunen, Tomi and Li, Haizhou},
  journal={Speech communication},
  volume={52},
  number={1},
  pages={12--40},
  year={2010},
  publisher={Elsevier}
}

@article{f0-01,
  title={Spoofing and countermeasures for speaker verification: A survey},
  author={Wu, Zhizheng and Evans, Nicholas and Kinnunen, Tomi and Yamagishi, Junichi and Alegre, Federico and Li, Haizhou},
  journal={speech communication},
  volume={66},
  pages={130--153},
  year={2015},
  publisher={Elsevier}
}

@article{deep-0,
  title={LEAF: A learnable frontend for audio classification},
  author={Zeghidour, Neil and Teboul, Olivier and Quitry, F{\'e}lix de Chaumont and Tagliasacchi, Marco},
  journal={arXiv preprint arXiv:2101.08596},
  year={2021}
}

@article{gmm,
  title={Ensemble models for spoofing detection in automatic speaker verification},
  author={Chettri, Bhusan and Stoller, Daniel and Morfi, Veronica and Ram{\'\i}rez, Marco A Mart{\'\i}nez and Benetos, Emmanouil and Sturm, Bob L},
  journal={arXiv preprint arXiv:1904.04589},
  year={2019}
}

@article{2019-replay,
  title={Replay attack detection with complementary high-resolution information using end-to-end dnn for the asvspoof 2019 challenge},
  author={Jung, Jee-weon and Shim, Hye-jin and Heo, Hee-Soo and Yu, Ha-Jin},
  journal={arXiv preprint arXiv:1904.10134},
  year={2019}
}

@article{svdnn,
  title={Towards end-to-end synthetic speech detection},
  author={Hua, Guang and Teoh, Andrew Beng Jin and Zhang, Haijian},
  journal={IEEE Signal Processing Letters},
  volume={28},
  pages={1265--1269},
  year={2021},
  publisher={IEEE}
}

@article{mfcc-01,
  title={Detection of COVID-19 from speech signal using bio-inspired based cepstral features},
  author={Dash, Tusar Kanti and Mishra, Soumya and Panda, Ganapati and Satapathy, Suresh Chandra},
  journal={Pattern Recognition},
  volume={117},
  pages={107999},
  year={2021},
  publisher={Elsevier}
}

@article{mfcc-02,
  title={A novel windowing technique for efficient computation of MFCC for speaker recognition},
  author={Sahidullah, Md and Saha, Goutam},
  journal={IEEE signal processing letters},
  volume={20},
  number={2},
  pages={149--152},
  year={2012},
  publisher={IEEE}
}

@inproceedings{lfcc-00,
  title={Linear versus mel frequency cepstral coefficients for speaker recognition},
  author={Zhou, Xinhui and Garcia-Romero, Daniel and Duraiswami, Ramani and Espy-Wilson, Carol and Shamma, Shihab},
  booktitle={2011 IEEE workshop on automatic speech recognition \& understanding},
  pages={559--564},
  year={2011},
  organization={IEEE}
}

@article{lfcc-01,
  title={Study of the quality of Linear frequency Cepstral coefficients for automated recognition of negative emotional states from EEG signals},
  author={Firgan, Feradov},
  journal={Научни трудове на Съюза на учените--Пловдив. Серия Г: Медицина, фармация и дентална медицина},
  volume={19},
  pages={169--172},
  year={2016},
  publisher={Съюз на учените в България--град Пловдив}
}

@inproceedings{last-one,
  title={Deep residual learning for image recognition},
  author={He, Kaiming and Zhang, Xiangyu and Ren, Shaoqing and Sun, Jian},
  booktitle={Proceedings of the IEEE conference on computer vision and pattern recognition},
  pages={770--778},
  year={2016}
}

@article{isak2020logistic,
  title={Logistic regression based in-service assessment of mobile web browsing service quality acceptability},
  author={Isak-Zatega, Sibila and Lipovac, Adriana and Lipovac, Vlatko},
  journal={EURASIP Journal on Wireless Communications and Networking},
  volume={2020},
  number={1},
  pages={1--21},
  year={2020},
  publisher={SpringerOpen}
}

@inproceedings{javed2012automatic,
  title={Automatic target classifier for a Ground Surveillance Radar using linear discriminant analysis and Logistic regression},
  author={Javed, A and Ejaz, A and Liaqat, S and Ashraf, A and Ihsan, MB},
  booktitle={2012 9th European Radar Conference},
  pages={302--305},
  year={2012},
  organization={IEEE}
}

@book{bengio2017deep,
  title={Deep learning},
  author={Bengio, Yoshua and Goodfellow, Ian and Courville, Aaron},
  volume={1},
  year={2017},
  publisher={MIT press Cambridge, MA, USA}
}

@article{shannon1948mathematical,
  title={A mathematical theory of communication},
  author={Shannon, Claude Elwood},
  journal={The Bell system technical journal},
  volume={27},
  number={3},
  pages={379--423},
  year={1948},
  publisher={Nokia Bell Labs}
}

@inproceedings{rodriguez2020machine,
  title={A machine learning model to detect fake voice},
  author={Rodr{\'\i}guez-Ortega, Yohanna and Ballesteros, Dora Mar{\'\i}a and Renza, Diego},
  booktitle={International Conference on Applied Informatics},
  pages={3--13},
  year={2020},
  organization={Springer}
}

@incollection{JOTHILAKSHMI2016301,
  title = {Chapter 10 - Large Scale Data Enabled Evolution of Spoken Language Research and Applications},
  editor = {Venkat N. Gudivada and Vijay V. Raghavan and Venu Govindaraju and C.R. Rao},
  series = {Handbook of Statistics},
  publisher = {Elsevier},
  volume = {35},
  pages = {301-340},
  year = {2016},
  booktitle = {Cognitive Computing: Theory and Applications},
  issn = {0169-7161},
  doi = {https://doi.org/10.1016/bs.host.2016.07.005},
  url = {https://www.sciencedirect.com/science/article/pii/S0169716116300463},
  author = {S. Jothilakshmi and V.N. Gudivada},
  keywords = {Large scale data, Big data, Natural language processing, Speech processing},
  abstract = {Natural Language Processing (NLP) is an interdisciplinary field whose goal is to analyze and understand human languages. Natural languages are used in two forms: written and spoken. Text and speech are the mediums for written and spoken languages, respectively. The synergistic confluence of advances in signal processing, machine learning, cognitive computing, and big data ushered in large scale data-driven approaches to speech research and applications. This chapter provides an introductory tutorial on the core tasks in speech processing, reviews recent large scale data-driven approaches to solving problems in spoken languages, describes current trends in speech research, and indicates future research directions.}
}

@article{hamza2022deepfake,
  title={Deepfake audio detection via MFCC features using machine learning},
  author={Hamza, Ameer and Javed, Abdul Rehman Rehman and Iqbal, Farkhund and Kryvinska, Natalia and Almadhor, Ahmad S and Jalil, Zunera and Borghol, Rouba},
  journal={IEEE Access},
  volume={10},
  pages={134018--134028},
  year={2022},
  publisher={IEEE}
}